@book{halliday,
    author = "Jearl Walker and David Halliday and Robert Resnick",
    title = "Fundamentos de FÃ­sica 3",
    publisher = "Ltc",
    edition = "Vol. 3",
    year = 2008,
    pages = "398"
}
